<?xml version="1.0" encoding="UTF-8"?><collection xmlns="http://www.loc.gov/MARC21/slim"><record><leader>00415nam--2200121-i-4500</leader><controlfield tag="001">000026725</controlfield><controlfield tag="002">20161230</controlfield><controlfield tag="005">20161230201036</controlfield><controlfield tag="008">060222s1000------------r-----000-0-eng-d</controlfield><datafield ind1=" " ind2=" " tag="080"><subfield code="a">66.046.32</subfield></datafield><datafield ind1=" " ind2=" " tag="245"><subfield code="a">Instructiuni tehnice pentru construirea, montarea, functionarea, repararea so controlul rcipientelor..ed.oficiala</subfield></datafield><datafield ind1=" " ind2=" " tag="260"><subfield code="a">Bucuresti, Dir.Generala Pt.Metrologie, Standarde Si Inventii, 1967. 40p</subfield></datafield><datafield ind1=" " ind2=" " tag="852"><subfield code="a">27042</subfield></datafield></record></collection>